
@misc{AFBAccessibilityResources,
   url = {https://www.afb.org/consulting/afb-accessibility-resources},
   title = {AFB Accessibility Resources},
}

@misc{WCAG2point1,
   url = {https://www.w3.org/TR/WCAG21/},
   year = {2018},
   title = {Web Content Acccessibility Guidelines (WCAG) 2.1},
}
